@inproceedings{karonte,
    author={Nilo Redini and Aravind Machiry and Ruoyu Wang and Chad Spensky and Andrea Continella and Yan Shoshitaishvili and Christopher Kruegel and Giovanni Vigna},
    booktitle={In Proceedings of the IEEE Symposium on Security \& Privacy (S\&P)},
    month={5},
    title={KARONTE: Detecting Insecure Multi-binary Interactions in Embedded Firmware},
    year={2020}
}
